\begin{thebibliography}{00}

@article{akhtar2012stock,
  title={Stock salience and the asymmetric market effect of consumer sentiment news},
  author={Akhtar, Shumi and Faff, Robert and Oliver, Barry and Subrahmanyam, Avanidhar},
  journal={Journal of Banking \& Finance},
  volume={36},
  number={12},
  pages={3289--3301},
  year={2012},
  publisher={Elsevier}
}


@article{asquith1983merger,
  title={Merger bids, uncertainty, and stockholder returns},
  author={Asquith, Paul},
  journal={Journal of Financial Economics},
  volume={11},
  number={1},
  pages={51--83},
  year={1983},
  publisher={Elsevier}
}

@book{bachelier1900theorie,
  title={Th{\'e}orie de la sp{\'e}culation},
  author={Bachelier, Louis},
  year={1900},
  publisher={Gauthier-Villars}
}

@article{barberis2003survey,
  title={A survey of behavioral finance},
  author={Barberis, Nicholas and Thaler, Richard},
  journal={Handbook of the Economics of Finance},
  volume={1},
  pages={1053--1128},
  year={2003},
  publisher={Elsevier}
}


@article{bernanke2005explains,
  title={What explains the stock market's reaction to Federal Reserve policy?},
  author={Bernanke, Ben S and Kuttner, Kenneth N},
  journal={The Journal of Finance},
  volume={60},
  number={3},
  pages={1221--1257},
  year={2005},
  publisher={Wiley Online Library}
}

@article{bhagat1998shareholder,
  title={The shareholder wealth implications of corporate lawsuits},
  author={Bhagat, Sanjai and Bizjak, John and Coles, Jeffrey L},
  journal={Financial Management},
  pages={5--27},
  year={1998},
  publisher={JSTOR}
}


@article{bhagat2002event,
  title={Event studies and the law: Part I: Technique and corporate litigation},
  author={Bhagat, Sanjai and Romano, Roberta},
  journal={American Law and Economics Review},
  volume={4},
  number={1},
  pages={141--168},
  year={2002},
  publisher={Am Law Econ Assoc}
}

@article{bizjak1995effect,
  title={The effect of private antitrust litigation on the stock-market valuation of the firm},
  author={Bizjak, John M and Coles, Jeffrey L},
  journal={The American Economic Review},
  pages={436--461},
  year={1995},
  publisher={JSTOR}
}

@article{bomfim2003pre,
  title={Pre-announcement effects, news effects, and volatility: Monetary policy and the stock market},
  author={Bomfim, Antulio N},
  journal={Journal of Banking \& Finance},
  volume={27},
  number={1},
  pages={133--151},
  year={2003},
  publisher={Elsevier}
}

@article{bosch1994wealth,
  title={Wealth effects of Food and Drug Administration (FDA) decisions},
  author={Bosch, Jean-Claude and Lee, Insup},
  journal={Managerial and Decision Economics},
  volume={15},
  number={6},
  pages={589--599},
  year={1994},
  publisher={Wiley Online Library}
}

@article{brogaard2010high,
  title={High frequency trading and its impact on market quality},
  author={Brogaard, Jonathan},
  journal={Northwestern University Kellogg School of Management Working Paper},
  pages={66},
  year={2010}
}

@article{brown1985using,
  title={Using daily stock returns: The case of event studies},
  author={Brown, Stephen J and Warner, Jerold B},
  journal={Journal of Financial Economics},
  volume={14},
  number={1},
  pages={3--31},
  year={1985},
  publisher={Elsevier}
}

@book{campbell1997econometrics,
  title={The econometrics of financial markets},
  edition={2nd},
  author={Campbell, John Y and Lo, Andrew Wen-Chuan and MacKinlay, Archie Craig},
  year={1997},
  publisher={Princeton University Press, Princeton, NJ}
}

@article{charest1978split,
  title={Split information, stock returns and market efficiency-I},
  author={Charest, Guy},
  journal={Journal of Financial Economics},
  volume={6},
  number={2},
  pages={265--296},
  year={1978},
  publisher={Elsevier}
}

@article{chen2013does,
  title={Does Appellate Precedent Matter? Stock Price Responses to Appellate Court Decisions of FCC Actions},
  author={Chen, Daniel L and Yeh, Susan and Araiza, Alberto G},
  journal={Empirical Studies of Judicial Systems 2013},
  year={2013},
}

@book{cootner1964random,
  title={The random character of stock market prices},
  author={Cootner, Paul H},
  year={1964},
  publisher={Cambridge, Mass. MIT Press}
}


@article{cutler1988tax,
  title={Tax reform and the stock market: An asset price approach},
  author={Cutler, David M},
  journal={The American Economic Review},
  pages={1107--1117},
  year={1988},
  publisher={JSTOR}
}

@article{dhaliwal1998wealth,
  title={Wealth effects of tax-related court rulings},
  author={Dhaliwal, Dan S and Erickson, Merle},
  journal={The Journal of the American Taxation Association},
  volume={20},
  pages={21--48},
  year={1998}
}


@article{dodd1977tender,
  title={Tender offers and stockholder returns: An empirical analysis},
  author={Dodd, Peter and Ruback, Richard},
  journal={Journal of Financial Economics},
  volume={5},
  number={3},
  pages={351--373},
  year={1977},
  publisher={Elsevier}
}

@book{eckbo2008handbook,
  title={Handbook of Empirical Corporate Finance SET},
  author={Eckbo, B Espen},
  volume={1},
  year={2008},
  publisher={Elsevier}
}

@article{ellert1976mergers,
  title={Mergers, antitrust law enforcement and stockholder returns},
  author={Ellert, James C},
  journal={The Journal of Finance},
  volume={31},
  number={2},
  pages={715--732},
  year={1976},
  publisher={Wiley Online Library}
}

@article{firth1976impact,
  title={The impact of earnings announcements on the share price behaviour of similar type firms},
  author={Firth, Michael},
  journal={The Economic Journal},
  pages={296--306},
  year={1976},
  publisher={JSTOR}
}

@article{fama1969adjustment,
  title={The adjustment of stock prices to new information},
  author={Fama, Eugene F and Fisher, Lawrence and Jensen, Michael C and Roll, Richard},
  journal={International Economic Review},
  volume={10},
  number={1},
  pages={1--21},
  year={1969},
  publisher={JSTOR}
}

@article{fama1970efficient,
  title={Efficient capital markets: A review of theory and empirical work},
  author={Fama, Eugene F},
  journal={The Journal of Finance},
  volume={25},
  number={2},
  pages={383--417},
  year={1970},
  publisher={Wiley Online Library}
}

@article{fama1991efficient,
  title={Efficient capital markets: II},
  author={Fama, Eugene F},
  journal={The journal of finance},
  volume={46},
  number={5},
  pages={1575--1617},
  year={1991},
  publisher={Wiley Online Library}
}

@article{fama2004capital,
  title={The capital asset pricing model: Theory and evidence},
  author={Fama, Eugene F and French, Kenneth R},
  journal={Journal of Economic Perspectives},
  volume={18},
  pages={25--46},
  year={2004},
  publisher={CFA Institute}
}

@article{farmer1999frontiers,
  title={Frontiers of finance: Evolution and efficient markets},
  author={Farmer, J Doyne and Lo, Andrew W},
  journal={Proceedings of the National Academy of Sciences},
  volume={96},
  number={18},
  pages={9991--9992},
  year={1999},
  publisher={National Acad Sciences}
}

@article{gilligan1988complex,
  title={Complex rules and congressional outcomes: An event study of energy tax legislation},
  author={Gilligan, Thomas W and Krehbiel, Keith},
  journal={The Journal of Politics},
  volume={50},
  number={03},
  pages={625--654},
  year={1988},
  publisher={Cambridge Univ Press}
}

@article{gross2011machines,
  title={When machines read the news: Using automated text analytics to quantify high frequency news-implied market reactions},
  author={Gross-Klussmann, Axel and Hautsch, Nikolaus},
  journal={Journal of Empirical Finance},
  volume={18},
  number={2},
  pages={321--340},
  year={2011},
  publisher={Elsevier}
}

@techreport{hennessy2015beyond,
  title={Beyond random assignment: Credible inference of causal effects in dynamic economies},
  author={Hennessy, Christopher A and Strebulaev, Ilya A},
  year={2015},
  institution={National Bureau of Economic Research}
}

@article{herron1999measurement,
  title={Measurement of political effects in the United States economy: a study of the 1992 presidential election},
  author={Herron, Michael C and Lavin, James and Cram, Donald and Silver, Jay},
  journal={Economics \& Politics},
  volume={11},
  number={1},
  pages={51--81},
  year={1999},
  publisher={Wiley Online Library}
}

@article{hirshleifer2009driven,
  title={Driven to distraction: Extraneous events and underreaction to earnings news},
  author={Hirshleifer, David and Lim, Sonya Seongyeon and Teoh, Siew Hong},
  journal={The Journal of Finance},
  volume={64},
  number={5},
  pages={2289--2325},
  year={2009},
  publisher={Wiley Online Library}
}


@article{huth1989impact,
  title={The impact of antitrust litigation on shareholder return},
  author={Huth, William L and MacDonald, Don N},
  journal={The Journal of Industrial Economics},
  pages={411--426},
  year={1989},
  publisher={JSTOR}
}

@article{jansen2007were,
  title={Were verbal efforts to support the euro effective? A high-frequency analysis of ECB statements},
  author={Jansen, David-Jan and De Haan, Jakob},
  journal={European Journal of Political Economy},
  volume={23},
  number={1},
  pages={245--259},
  year={2007},
  publisher={Elsevier}
}

@article{jiang2010bubble,
  title={Bubble diagnosis and prediction of the 2005--2007 and 2008--2009 Chinese stock market bubbles},
  author={Jiang, Zhi-Qiang and Zhou, Wei-Xing and Sornette, Didier and Woodard, Ryan and Bastiaensen, Ken and Cauwels, Peter},
  journal={Journal of economic behavior \& organization},
  volume={74},
  number={3},
  pages={149--162},
  year={2010},
  publisher={Elsevier}
}

@article{kalay1985predictable,
  title={Predictable events and excess returns: The case of dividend announcements},
  author={Kalay, Avner and Loewenstein, Uri},
  journal={Journal of Financial Economics},
  volume={14},
  number={3},
  pages={423--449},
  year={1985},
  publisher={Elsevier}
}

@article{kalay1986informational,
  title={The informational content of the timing of dividend announcements},
  author={Kalay, Avner and Loewenstein, Uri},
  journal={Journal of Financial Economics},
  volume={16},
  number={3},
  pages={373--388},
  year={1986},
  publisher={Elsevier}
}

@article{katz2017general,
  title={A general approach for predicting the behavior of the Supreme Court of the United States},
  author={Katz, Daniel Martin and Bommarito II, Michael J and Blackman, Josh},
  journal={PloS one},
  volume={12},
  number={4},
  pages={e0174698},
  year={2017},
  publisher={Public Library of Science}
}

@article{key2011shareholder,
  title={Shareholder Reactions to Judicial Decisions Affecting Sales Tax and Direct Marketing Activities},
  author={Key, Kimberly G and Adkins, Nell},
  journal={Journal of Applied Business Research (JABR)},
  volume={18},
  number={3},
  year={2011}
}

@article{keay2011property,
  title={Property Rights, Resource Access, and Long-Run Growth},
  author={Keay, Ian and Metcalf, Cherie},
  journal={Journal of Empirical Legal Studies},
  volume={8},
  number={4},
  pages={792--829},
  year={2011},
  publisher={Wiley Online Library}
}

@article{knight2006policy,
  title={Are policy platforms capitalized into equity prices? Evidence from the Bush/Gore 2000 Presidential Election},
  author={Knight, Brian},
  journal={Journal of Public Economics},
  volume={90},
  number={4},
  pages={751--773},
  year={2006},
  publisher={Elsevier}
}

@incollection{kothari2007econometrics,
  author={Kothari, SP and Warner, JB},
  title={Econometrics of Event Studies},
  editor={B. Espen Eckbo},
  booktitle={Handbook of Corporate Finance - Empirical Corporate Finance},
  publisher={Elsevier},
  pages={3--36},
  year={2007},
}

@article{lamoureux1987market,
  title={The market reaction to stock splits},
  author={Lamoureux, Christopher G and Poon, Percy},
  journal={The Journal of Finance},
  volume={42},
  number={5},
  pages={1347--1370},
  year={1987},
  publisher={Wiley Online Library}
}

@article{lax2006courts,
  title={Courts Congress, and Public Policy, Part I: The FDA, the Courts, and the Regulation of Tobacco},
  author={Lax, Jeffrey R and McCubbins, Mathew D},
  journal={J. Contemp. Legal Issues},
  volume={15},
  pages={163},
  year={2006},
  publisher={HeinOnline}
}


@book{lo2002non,
  title={A non-random walk down Wall Street},
  author={Lo, Andrew W and MacKinlay, A Craig},
  year={2002},
  publisher={Princeton University Press}
}

@article{lo2005reconciling,
  title={Reconciling efficient markets with behavioral finance: the adaptive markets hypothesis},
  author={Lo, Andrew W},
  journal={Journal of Investment Consulting},
  volume={7},
  number={2},
  pages={21--44},
  year={2005}
}

@article{mackinlay1997event,
  title={Event studies in economics and finance},
  author={MacKinlay, A Craig},
  journal={Journal of Economic Literature},
  volume={35},
  pages={13--39},
  year={1997},
  publisher={JSTOR}
}


@article{malkiel2003efficient,
  title={The efficient market hypothesis and its critics},
  author={Malkiel, Burton G},
  journal={Journal of economic perspectives},
  pages={59--82},
  year={2003},
  publisher={JSTOR}
}

@article{marco2013certain,
  title={Certain Patents},
  author={Marco, Alan C and Vishnubhakat, Saurabh},
  journal={Yale Journal of Law \& Technology},
  volume={16},
  pages={103--134},
  year={2013},
  publisher={Yale Journal of Law \& Technology Yale Journal of Law \& TechnologyYale Journal of Law \& Technology}
}

@article{nadarajah2012models,
  title={Models for stock returns},
  author={Nadarajah, Saralees},
  journal={Quantitative Finance},
  volume={12},
  number={3},
  pages={411--424},
  year={2012},
  publisher={Taylor \& Francis}
}

@article{patell1981ex,
  title={The ex ante and ex post price effects of quarterly earnings announcements reflected in option and stock prices},
  author={Patell, James M and Wolfson, Mark A},
  journal={Journal of Accounting Research},
  pages={434--458},
  year={1981},
  publisher={JSTOR}
}

@article{prince2002effects,
  title={The effects of product liability litigation on the value of firms},
  author={Prince, David W and Rubin, Paul H},
  journal={American Law and Economics Review},
  volume={4},
  number={1},
  pages={44--87},
  year={2002},
  publisher={Am Law Econ Assoc}
}

@article{roberts1990political,
  title={Political institutions, policy expectations, and the 1980 election: a financial market perspective},
  author={Roberts, Brian E},
  journal={American Journal of Political Science},
  pages={289--310},
  year={1990},
  publisher={JSTOR}
}

@article{ross1976arbitrage,
  title={The arbitrage theory of capital asset pricing},
  author={Ross, Stephen A},
  journal={Journal of economic theory},
  volume={13},
  number={3},
  pages={341--360},
  year={1976},
  publisher={Elsevier}
}

@article{ruger2004supreme,
  title={The Supreme Court forecasting project: legal and political science approaches to predicting Supreme Court Decisionmaking},
  author={Ruger, Theodor W and Kim, Pauline T and Martin, Andrew D and Quinn, Kevin M},
  journal={Columbia Law Review},
  volume={104},
  number={4},
  pages={1150--1210},
  year={2004}
}

@article{ruhl2017harnessing,
  title={Harnessing legal complexity},
  author={Ruhl, JB and Katz, Daniel Martin and Bommarito, Michael J},
  journal={Science},
  volume={355},
  number={6332},
  pages={1377--1378},
  year={2017},
  publisher={American Association for the Advancement of Science}
}

@article{ryngaert1988effect,
  title={The effect of poison pill securities on shareholder wealth},
  author={Ryngaert, Michael},
  journal={Journal of Financial Economics},
  volume={20},
  pages={377--417},
  year={1988},
  publisher={Elsevier}
}

@article{sarkar2006market,
  title={Market response to FDA announcements},
  author={Sarkar, Salil K and de Jong, Pieter J},
  journal={The Quarterly Review of Economics and Finance},
  volume={46},
  number={4},
  pages={586--597},
  year={2006},
  publisher={Elsevier}
}

@article{sharpe1964capital,
  title={Capital asset prices: A theory of market equilibrium under conditions of risk*},
  author={Sharpe, William F},
  journal={The journal of finance},
  volume={19},
  number={3},
  pages={425--442},
  year={1964},
  publisher={Wiley Online Library}
}


@article{scholtus2014speed,
  title={Speed, algorithmic trading, and market quality around macroeconomic news announcements},
  author={Scholtus, Martin and van Dijk, Dick and Frijns, Bart},
  journal={Journal of Banking \& Finance},
  volume={38},
  pages={89--105},
  year={2014},
  publisher={Elsevier}
}

@article{schumaker2009quantitative,
  title={A quantitative stock prediction system based on financial news},
  author={Schumaker, Robert P and Chen, Hsinchun},
  journal={Information Processing \& Management},
  volume={45},
  number={5},
  pages={571--583},
  year={2009},
  publisher={Elsevier}
}

@book{shleifer2000inefficient,
  title={Inefficient markets: An introduction to behavioral finance},
  author={Shleifer, Andrei},
  year={2000},
  publisher={Oxford university press}
}


@book{shiller2015irrational,
  title={Irrational exuberance},
  author={Shiller, Robert J},
  year={2015},
  publisher={Princeton University Press, 3rd. ed.},
  edition = {second edition}
}

@article{sornette1996stock,
  title={Stock market crashes, precursors and replicas},
  author={Sornette, Didier and Johansen, Anders and Bouchaud, Jean-Philippe},
  journal={Journal de Physique I},
  volume={6},
  number={1},
  pages={167--175},
  year={1996},
  publisher={EDP Sciences}
}

@article{summers1986does,
  title={Does the stock market rationally reflect fundamental values?},
  author={Summers, Lawrence H},
  journal={The Journal of Finance},
  volume={41},
  number={3},
  pages={591--601},
  year={1986},
  publisher={Wiley Online Library}
}

@article{sun2011effects,
  title={Effects of litigation under the Endangered Species Act on forest firm values},
  author={Sun, Changyou and Liao, Xianchun},
  journal={Journal of Forest Economics},
  volume={17},
  number={4},
  pages={388--398},
  year={2011},
  publisher={Elsevier}
}


@article{viscusi1990market,
  title={The market response to product safety litigation},
  author={Viscusi, W Kip and Hersch, Joni},
  journal={Journal of Regulatory Economics},
  volume={2},
  number={3},
  pages={215--230},
  year={1990},
  publisher={Springer}
}
\end{thebibliography}